 @InProceedings{cstbir2024aaai,
        author    = {Sapkal, Vivek and Yadav, Kapil and Arsewad, Bagwan and Gavankar, Heramb and Patel, Raj and Suhani and Jateen},
        title     = {Face Recognition on Labelled Faces in the Wild (Dataset)},
        year      = {2024},
    }       
